@book{bengfort_bilbro_ojeda_2018,
    place={Sebastopol, CA},
    title={Applied text analysis with Python: enabling language-aware data products with machine learning},
    publisher={OReilly Media, Inc.},
    author={Bengfort, Benjamin and Bilbro, Rebecca and Ojeda, Tony},
    year={2018}
}

@book{slp3,
    edition={3},
    title={Speech and language processing},
    publisher={Stanford University},
    url={https://web.stanford.edu/~jurafsky/slp3/},
    author={Jurafsky, Dan and Martin, James H.},
    annotate={Start working through. Use for definitions?}
}

@book{bouillon_busa_2001,
    place={Cambridge},
    title={The language of word meaning},
    editor={Pierrette Bouillon and Federica Busa},
    publisher={Cambridge University Press},
    year={2001}
}

@book{goldberg_2017,
    place={San Rafael, CA},
    title={Neural network methods for natural language processing},
    publisher={Morgan \& Claypool},
    author={Goldberg, Yoav},
    year={2017}
}

@book{lane_howard_hapke_2019,
    place={Shelter Island, NY},
    title={Natural language processing in action: understanding, analyzing, and generating text with Python},
    publisher={Manning Publications Company},
    author={Lane, Hobson and Howard, Cole and Hapke, Hannes Max},
    year={2019}
}

@article{seq2seq-lstm,
    author    = {Ilya Sutskever and
            Oriol Vinyals and
            Quoc V. Le},
    title     = {Sequence to Sequence Learning with Neural Networks},
    journal   = {CoRR},
    volume    = {abs/1409.3215},
    year      = {2014},
    url       = {http://arxiv.org/abs/1409.3215},
    archivePrefix = {arXiv},
    eprint    = {1409.3215},
    timestamp = {Mon, 13 Aug 2018 16:48:06 +0200},
    biburl    = {https://dblp.org/rec/bib/journals/corr/SutskeverVL14},
    bibsource = {dblp computer science bibliography, https://dblp.org}
}

@article{seq2seq-attention,
    author    = {Ashish Vaswani and
            Noam Shazeer and
            Niki Parmar and
            Jakob Uszkoreit and
            Llion Jones and
            Aidan N. Gomez and
            Lukasz Kaiser and
            Illia Polosukhin},
    title     = {Attention Is All You Need},
    journal   = {CoRR},
    volume    = {abs/1706.03762},
    year      = {2017},
    url       = {http://arxiv.org/abs/1706.03762},
    archivePrefix = {arXiv},
    eprint    = {1706.03762},
    timestamp = {Mon, 13 Aug 2018 16:48:37 +0200},
    biburl    = {https://dblp.org/rec/bib/journals/corr/VaswaniSPUJGKP17},
    bibsource = {dblp computer science bibliography, https://dblp.org}
}

@article{seq2seq-cnn,
    author    = {Jonas Gehring and
            Michael Auli and
            David Grangier and
            Denis Yarats and
            Yann N. Dauphin},
    title     = {Convolutional Sequence to Sequence Learning},
    journal   = {CoRR},
    volume    = {abs/1705.03122},
    year      = {2017},
    url       = {http://arxiv.org/abs/1705.03122},
    archivePrefix = {arXiv},
    eprint    = {1705.03122},
    timestamp = {Mon, 13 Aug 2018 16:48:03 +0200},
    biburl    = {https://dblp.org/rec/bib/journals/corr/GehringAGYD17},
    bibsource = {dblp computer science bibliography, https://dblp.org}
}

@article{seq2seq-linear,
    author    = {Nal Kalchbrenner and
            Lasse Espeholt and
            Karen Simonyan and
            Aaron van den Oord and
            Alex Graves and
            Koray Kavukcuoglu},
    title     = {Neural Machine Translation in Linear Time},
    journal   = {CoRR},
    volume    = {abs/1610.10099},
    year      = {2016},
    url       = {http://arxiv.org/abs/1610.10099},
    archivePrefix = {arXiv},
    eprint    = {1610.10099},
    timestamp = {Mon, 13 Aug 2018 16:46:38 +0200},
    biburl    = {https://dblp.org/rec/bib/journals/corr/KalchbrennerESO16},
    bibsource = {dblp computer science bibliography, https://dblp.org}
}

@article{seq2seq-attention-translation,
    author    = {Minh{-}Thang Luong and
            Hieu Pham and
            Christopher D. Manning},
    title     = {Effective Approaches to Attention-based Neural Machine Translation},
    journal   = {CoRR},
    volume    = {abs/1508.04025},
    year      = {2015},
    url       = {http://arxiv.org/abs/1508.04025},
    archivePrefix = {arXiv},
    eprint    = {1508.04025},
    timestamp = {Mon, 13 Aug 2018 16:46:14 +0200},
    biburl    = {https://dblp.org/rec/bib/journals/corr/LuongPM15},
    bibsource = {dblp computer science bibliography, https://dblp.org}
}

@misc{1409.0473,
    author = {Dzmitry Bahdanau and
            Kyunghyun Cho and
            Yoshua Bengio},
    title = {Neural Machine Translation by Jointly Learning to Align and Translate},
    year = {2014},
    eprint = {arXiv:1409.0473},
}

@article{doc2vec,
    author    = {Quoc V. Le and
            Tomas Mikolov},
    title     = {Distributed Representations of Sentences and Documents},
    journal   = {CoRR},
    volume    = {abs/1405.4053},
    year      = {2014},
    url       = {http://arxiv.org/abs/1405.4053},
    archivePrefix = {arXiv},
    eprint    = {1405.4053},
    timestamp = {Mon, 13 Aug 2018 16:48:49 +0200},
    biburl    = {https://dblp.org/rec/bib/journals/corr/LeM14},
    bibsource = {dblp computer science bibliography, https://dblp.org}
}

@article{markov-generation,
    author    = {Hsin{-}Hsi Chen and
            Yue{-}Shi Lee},
    title     = {Approximate N-Gram Markov Model for Natural Language Generation},
    journal   = {CoRR},
    volume    = {abs/cmp-lg/9408012},
    year      = {1994},
    url       = {http://arxiv.org/abs/cmp-lg/9408012},
    archivePrefix = {arXiv},
    eprint    = {cmp-lg/9408012},
    timestamp = {Mon, 13 Aug 2018 16:46:34 +0200},
    biburl    = {https://dblp.org/rec/bib/journals/corr/ChenL94a},
    bibsource = {dblp computer science bibliography, https://dblp.org}
}

@article{DBLP:journals/corr/abs-1907-12293,
    author    = {Weinan E and
            Yajun Zhou},
    title     = {A Mathematical Model for Linguistic Universals},
    journal   = {CoRR},
    volume    = {abs/1907.12293},
    year      = {2019},
    url       = {http://arxiv.org/abs/1907.12293},
    archivePrefix = {arXiv},
    eprint    = {1907.12293},
    timestamp = {Thu, 01 Aug 2019 08:59:33 +0200},
    biburl    = {https://dblp.org/rec/bib/journals/corr/abs-1907-12293},
    bibsource = {dblp computer science bibliography, https://dblp.org}
}

@misc{1708.08863,
    Author = {Ziv Aharoni and Gal Rattner and Haim Permuter},
    Title = {Gradual Learning of Recurrent Neural Networks},
    Year = {2017},
    Eprint = {arXiv:1708.08863},
}

@article{markov-generative-classifiers,
    author    = {Gherardo Varando and
            Concha Bielza and
            Pedro Larranaga and
            Eva Riccomagno},
    title     = {Markov Property in Generative Classifiers},
    journal   = {CoRR},
    volume    = {abs/1811.04759},
    year      = {2018},
    url       = {http://arxiv.org/abs/1811.04759},
    archivePrefix = {arXiv},
    eprint    = {1811.04759},
    timestamp = {Fri, 23 Nov 2018 12:43:51 +0100},
    biburl    = {https://dblp.org/rec/bib/journals/corr/abs-1811-04759},
    bibsource = {dblp computer science bibliography, https://dblp.org}
}

@misc{1805.07601,
    Author = {Hao Wu and Andreas Mardt and Luca Pasquali and Frank Noe},
    Title = {Deep Generative Markov State Models},
    Year = {2018},
    Eprint = {arXiv:1805.07601},
}

@article{DBLP:journals/corr/abs-1808-03314,
    author    = {Alex Sherstinsky},
    title     = {Fundamentals of Recurrent Neural Network {(RNN)} and Long Short-Term
            Memory {(LSTM)} Network},
    journal   = {CoRR},
    volume    = {abs/1808.03314},
    year      = {2018},
    url       = {http://arxiv.org/abs/1808.03314},
    archivePrefix = {arXiv},
    eprint    = {1808.03314},
    timestamp = {Sun, 02 Sep 2018 15:01:55 +0200},
    biburl    = {https://dblp.org/rec/bib/journals/corr/abs-1808-03314},
    bibsource = {dblp computer science bibliography, https://dblp.org}
}

@article{DBLP:journals/corr/Lipton15,
    author    = {Zachary Chase Lipton},
    title     = {A Critical Review of Recurrent Neural Networks for Sequence Learning},
    journal   = {CoRR},
    volume    = {abs/1506.00019},
    year      = {2015},
    url       = {http://arxiv.org/abs/1506.00019},
    archivePrefix = {arXiv},
    eprint    = {1506.00019},
    timestamp = {Mon, 13 Aug 2018 16:48:10 +0200},
    biburl    = {https://dblp.org/rec/bib/journals/corr/Lipton15},
    bibsource = {dblp computer science bibliography, https://dblp.org}
}
@article{pappas_meyer_2012,
    title={A Survey on Language Modeling using Neural Networks},
    url={http://publications.idiap.ch/downloads/reports/2012/Pappas_Idiap-RR-32-2012.pdf},
    journal={Idiap Research Institute},
    author={Pappas, Nikolaos and Meyer, Thomas},
    year={2012},
    month={Nov}
}

@article{jing_survey,
    author    = {Kun Jing and
            Jungang Xu},
    title     = {A Survey on Neural Network Language Models},
    journal   = {CoRR},
    volume    = {abs/1906.03591},
    year      = {2019},
    url       = {http://arxiv.org/abs/1906.03591},
    archivePrefix = {arXiv},
    eprint    = {1906.03591},
    timestamp = {Mon, 24 Jun 2019 12:45:47 +0200},
    biburl    = {https://dblp.org/rec/bib/journals/corr/abs-1906-03591},
    bibsource = {dblp computer science bibliography, https://dblp.org}
}

@article{goodman_2001,
    title={A bit of progress in language modeling},
    volume={15},
    DOI={10.1006/csla.2001.0174},
    number={4},
    journal={Computer Speech \& Language},
    author={Goodman, Joshua T.},
    year={2001},
    pages={403–434}
}

@article{chen_goodman_1999,
    title={An empirical study of smoothing techniques for language modeling},
    volume={13},
    DOI={10.1006/csla.1999.0128},
    number={4},
    journal={Computer Speech \& Language},
    author={Chen, Stanley F. and Goodman, Joshua},
    year={1999},
    pages={359–393}
}

@incollection{JelMer80,
    address = {Amsterdam},
    author = {Jelinek, Fred and Mercer, Robert L.},
    booktitle = {Proceedings, Workshop on Pattern Recognition in Practice},
    editor = {Gelsema, Edzard S. and Kanal, Laveen N.},
    keywords = {2000 book nlp},
    pages = {381--397},
    publisher = {North Holland},
    title = {Interpolated estimation of {M}arkov source parameters from sparse
            data},
    year = 1980
}

@phdthesis{mikolov2012statistical,
    added-at = {2014-12-13T11:55:59.000+0100},
    author = {Mikolov, Tom{\'a}{\v{s}}},
    biburl = {https://www.bibsonomy.org/bibtex/2f46e25187c111efc2962e281b1501013/gchrupala},
    interhash = {36c142f56be162c4488bc04cf995fbbd},
    intrahash = {f46e25187c111efc2962e281b1501013},
    keywords = {imported},
    school = {Brno University of Technology},
    timestamp = {2014-12-13T11:56:31.000+0100},
    title = {Statistical language models based on neural networks},
    year = 2012
}

@article{bengio2003,
    author = {Bengio, Yoshua and Ducharme, R{\'e}jean and Vincent, Pascal and Janvin, Christian},
    title = {A Neural Probabilistic Language Model},
    journal = {Journal of Machine Learning Research},
    issue_date = {3/1/2003},
    volume = {3},
    month = mar,
    year = {2003},
    issn = {1532-4435},
    pages = {1137--1155},
    numpages = {19},
    url = {http://dl.acm.org/citation.cfm?id=944919.944966},
    acmid = {944966},
    publisher = {JMLR.org},
}

@inproceedings{Mikolov2010RecurrentNN,
title={Recurrent neural network based language model},
author={Tomas Mikolov and Martin Karafi{\' a}t and Luk{\' a}s Burget and Jan {\v C}ernock{\' y} and Sanjeev Khudanpur},
booktitle={INTERSPEECH},
year={2010},
url={https://www.fit.vutbr.cz/research/groups/speech/publi/2010/mikolov_interspeech2010_IS100722.pdf}
}

@inproceedings{Mikolov2011RecurrentNN,
    author = {Mikolov, Tomas and Kombrink, Stefan and Burget, Lukas and Cernocky, J.H. and Khudanpur, Sanjeev},
    year = {2011},
    month = {May},
    pages = {5528 - 5531},
    title = {Extensions of recurrent neural network language model},
    journal = {ICASSP, IEEE International Conference on Acoustics, Speech and Signal Processing - Proceedings},
    url={http://www.fit.vutbr.cz/research/groups/speech/publi/2011/mikolov_icassp2011_5528.pdf},
    doi = {10.1109/ICASSP.2011.5947611}
}

@article{Mikolov2012ContextDR,
    title={Context dependent recurrent neural network language model},
    author={Tomas Mikolov and Geoffrey Zweig},
    journal={2012 IEEE Spoken Language Technology Workshop (SLT)},
    year={2012},
    pages={234-239},
    url={https://wiki.inf.ed.ac.uk/twiki/pub/CSTR/ListenSemester2201213/mikolov12_context_rnns.pdf}
}

@article{Shannon1948,
    author = {Shannon, Claude Elwood},
    doi = {10.1002/j.1538-7305.1948.tb01338.x},
    journal = {The Bell System Technical Journal},
    keywords = {ieee information-theory paper},
    month = {7},
    number = 3,
    pages = {379--423},
    publisher = {Nokia Bell Labs},
    timestamp = {2018-06-03T07:17:55.000+0200},
    title = {A Mathematical Theory of Communication},
    url = {http://www.math.harvard.edu/~ctm/home/text/others/shannon/entropy/entropy.pdf},
    volume = 27,
    year = 1948
}

@book{ManningSchuetze99,
    address = {Cambridge, MA},
    author = {Manning, Christopher D. and Sch{\" u}tze, Hinrich},
    publisher = {MIT Press},
    title = {Foundations of Statistical Natural Language Processing},
    username = {flint63},
    year = 1999
}

@inproceedings{Sundermeyer2012LSTMNN,
    title={{LSTM} Neural Networks for Language Modeling},
    author={Martin Sundermeyer and Ralf Schl{\" u}ter and Hermann Ney},
    booktitle={INTERSPEECH},
    journal={13th Annual Conference of the International Speech Communication Association},
    year={2012},
    pages={194--197},
    url={https://www.isca-speech.org/archive/archive_papers/interspeech_2012/i12_0194.pdf}
}

@inproceedings{inproceedings,
    author = {Soutner, Daniel and Loose, Zdeněk and Müller, Luděk and Pražák, Aleš},
    year = {2012},
    month = {09},
    pages = {528-534},
    title = {Neural Network Language Model with Cache},
    volume = {7499},
    doi = {10.1007/978-3-642-32790-2_64}
}
