@inproceedings{candy_evaluate,
    author = {Candy, Linda and Bilda, Zafer},
    year = {2009},
    month = {10},
    pages = {497-498},
    title = {Understanding and evaluating creativity},
    doi = {10.1145/1254960.1255040},
    annotate={Read.}
}

@book{albon_2018,
        place={Sebastopol, CA},
        title={Machine learning with Python cookbook: practical solutions from preprocessing to deep learning},
        publisher={OReilly},
        author={Albon, Chris},
        year={2018}
}

@book{ballard_2000,
        place={Cambridge, MA},
        title={An introduction to natural computation},
        publisher={MIT Press},
        author={Ballard, Dana H.},
        year={2000}
}

@book{castro_2006,
        place={Boca Raton},
        title={Fundamentals of natural computing basic concepts, algorithms, and applications},
        publisher={Chapman \& Hall/CRC},
        author={Castro, Leandro N. de},
        year={2006}
}

@book{chollet_2018,
        place={Shelter Island},
        title={Deep learning with Python},
        publisher={Manning},
        author={Chollet, Francois},
        year={2018}
}

@book{goodfellow_bengio_courville_2016,
        place={Cambridge (EE. UU.)},
        title={Deep learning},
        publisher={MIT Press},
        author={Goodfellow, Ian and Bengio, Yoshua and Courville, Aaron},
        year={2016}
}

@book{tuffery_stephane_2011,
        place={Chichester, West Sussex},
        title={Data mining and statistics for decision making},
        publisher={Wiley},
        author={Tuffery Stephane},
        year={2011},
        annotate={Useful for zipf's law reference? (p. 628)}
}
