@book{haiku-and-modernist-poetics,
   title =     {Haiku and Modernist Poetics},
   author =    {Yoshinobu Hakutani},
   publisher = {Palgrave Macmillan},
   isbn =      {0230616550,9780230616554},
   year =      {2009},
   url =       {http://gen.lib.rus.ec/book/index.php?md5=B95905E1680D3E5852F55FA3751CEED8}}

@book{net-of-fireflies,
   title =     {A Net of Fireflies: Japanese Haiku and Haiku Paintings},
   author =    {Harold Stewart},
   publisher = {},
   isbn =      {0804818940,9780804818940},
   year =      {1993},
   url =       {http://gen.lib.rus.ec/book/index.php?md5=882C6D867589CF0CB142DB6757E93839}}

@book{one-hundred-famous-haiku,
   title =     {One Hundred Famous Haiku  },
   author =    {Daniel Crump Buchanan},
   publisher = {Japan Publications,US},
   isbn =      {0870402226,9780870402227},
   year =      {1976},
   url =       {http://gen.lib.rus.ec/book/index.php?md5=12A26ACE75ED4F718990EBEDA7A08206}}

@book{haiku-an-anthology,
   title =     {Haiku: An Anthology of Japanese Poems  },
   author =    {Stephen Addiss, Fumiko Y. Yamamoto, Akira Y. Yamamoto (editors)},
   publisher = {Shambhala Publications},
   isbn =      {1590307305,9781590307304,9780834822344},
   year =      {2009},
   edition =   {1},
   url =       {http://gen.lib.rus.ec/book/index.php?md5=50960079ECD49E9B09E40D71895BC2CC}}

@book{mountain-tasting,
   title =     {Mountain Tasting : Zen Haiku by Santoka Taneda},
   author =    {Santoka Taneda},
   publisher = {Weatherhill},
   isbn =      {0834801515,9780834801516},
   year =      {1980},
   edition =   {1st},
   url =       {http://gen.lib.rus.ec/book/index.php?md5=FC7C2103697AE34F5B95DEFACAE8051F}}

@book{japanese-haiku-essential-nature,
   title =     {Japanese Haiku: Its Essential Nature and History  },
   author =    {Kenneth Yasuda},
   publisher = {Tuttle Publishing},
   isbn =      {9781462901999},
   year =      {2011},
   url =       {http://gen.lib.rus.ec/book/index.php?md5=EDC7DBCF1767C443D798E4B48604E838}}

@book{selected-basho,
   title =     {Basho's Haiku: Selected Poems of Matsuo Basho},
   author =    {Basho Matsuo, David Landis Barnhill, Matsuo Basho},
   publisher = {State University of New York Press},
   isbn =      {0791461653,9780791461655,0791461661,9780791461662},
   year =      {2004},
   url =       {http://gen.lib.rus.ec/book/index.php?md5=56CB38026EF1D097E446014E3812FD20}}

@book{classic-tradition-of-haiku,
   title =     {The Classic Tradition of Haiku: An Anthology (Dover Thrift Editions) by Bowers. Faubion},
   author =    {},
   publisher = {Dover Publications Inc.},
   isbn =      {0486113337},
   year =      {1997},
   url =       {http://gen.lib.rus.ec/book/index.php?md5=EF75FBC738C1C5C6C37F73A514F5B68B}}

@book{the-haiku-form,
   title =     {The Haiku Form},
   author =    {Joan Giroux},
   publisher = {Tuttle Pub},
   isbn =      {0804811105,9780804811101},
   year =      {1974},
   url =       {http://gen.lib.rus.ec/book/index.php?md5=0535E019BFFCD8EE3F52050947B987E2}}

@book{haiku-this-other-world,
   title =     {Haiku: This Other World:The Last Poetry of Richard Wright},
   author =    {Richard Wright},
   publisher = {Arcade Publishing},
   isbn =      {ISBN-10: 1559704454},
   year =      {1998},
   url =       {http://gen.lib.rus.ec/book/index.php?md5=4AA956512AF7DF046A90BF92A8D3675D}}

@book{haiku-for-a-season,
   title =     {Haiku for a season},
   author =    {Patrick Barron, Andrea Zanzotto, Anna Secco},
   publisher = {The University of Chicago Press},
   isbn =      {0-226-92221-9,978-0-226-92221-8,978-0-226-92222-5,0-226-92222-7,35-2012-851-9},
   year =      {2012},
   url =       {http://gen.lib.rus.ec/book/index.php?md5=6F7EA671F42A8E14A3117709B5E19B7B}}

@book{the-art-of-haiku,
   title =     {The Art of Haiku: Its History through Poems and Paintings by Japanese Masters},
   author =    {Stephen Addiss},
   publisher = {Shambhala},
   isbn =      {1590308867,9781590308868},
   year =      {2012},
   url =       {http://gen.lib.rus.ec/book/index.php?md5=17CB81D9BEDC67EC8787E101C0608727}}

@book{dumpling-field,
   title =     {Dumpling Field: Haiku Of Issa},
   author =    {Lucien Stryk, Noboru Fujiwara},
   publisher = {Swallow Press},
   isbn =      {0804009538,9780804009539},
   year =      {1991},
   edition =   {1},
   url =       {http://gen.lib.rus.ec/book/index.php?md5=7D9F22C5E9B4B215F886CB2FE1E1F265}}

@book{japanese-death-poems,
   title =     {Japanese Death Poems: Written by Zen Monks and Haiku Poets on the Verge of Death},
   author =    {Yoel Hoffmann (ed.)},
   publisher = {Tuttle Publishing},
   isbn =      {0804831793,9780804831796},
   year =      {1998},
   url =       {http://gen.lib.rus.ec/book/index.php?md5=BFDB6D40BF61868645971423B6E02A04}}

@book{penguin-book-of-haiku,
   title =     {The Penguin Book of Haiku},
   author =    {Adam L. Kern},
   publisher = {Penguin Classics},
   isbn =      {0140424768,9780140424768},
   year =      {2018},
   edition =   {Paperback},
   url =       {http://gen.lib.rus.ec/book/index.php?md5=50DBFACBEBD5187F4CD7196AE5A24495}}

@book{the-sound-of-water,
   title =     {The Sound of Water: Haiku by Basho, Buson, Issa, and Other Poets},
   author =    {Hamill, S.},
   publisher = {Shambhala},
   isbn =      {083482535X, 9780834825352},
   year =      {2006},
   series =    {Shambhala Centaur Editions},
   url =       {http://gen.lib.rus.ec/book/index.php?md5=48DD5A8221A18DCDECD04EC5BEDCF255}}

@book{haiku-handbook,
   title =     {The haiku handbook: How to write, share, and teach haiku},
   author =    {William J Higginson},
   publisher = {McGraw-Hill},
   isbn =      {0070287864,9780070287860},
   year =      {1985},
   url =       {http://gen.lib.rus.ec/book/index.php?md5=6EB08032F1538C0A5F4C3A23D963C3D8}}

@book{morning-haiku,
   title =     {Morning Haiku},
   author =    {Sonia Sanchez},
   publisher = {Beacon Press},
   isbn =      {0807069108,9780807069103,0807001317,9780807001318},
   year =      {2010},
   url =       {http://gen.lib.rus.ec/book/index.php?md5=506D1960A74D181CC2A483301BD4A393}}
